@book{ITIL4Foundation2019,
    author = {Axelos, {Office, The Stationery}},
    title = {ITIL 4 Foundation},
    publisher = {TSO},
    ISBN = {9780113316076},
    url = {https://books.google.com.co/books?id=HmsYwQEACAAJ},
    year = {2019},
    type = {Book}
}

@book{Bon2008,
    author = {Bon, Jan Van},
    title = {Fundamentos de la gestión de servicios de TI : basado en ITIL V3},
    publisher = {Van Haren},
    address = {Zaltbommel, Holanda},
    edition = {3*},
    series = {Biblioteca de gestión de servicios de TI},
    pages = {XII, 383 p.},
    ISBN = {978-90-8753-060-0},
    year = {2008},
    type = {Book}
}

@book{Bon2010,
    author = {Bon, Jan Van},
    title = {Fundamentos de ITIL V3},
    publisher = {Van Haren Publishing},
    address = {Zaltbommel},
    edition = {3},
    series = {Best practice},
    pages = {XII, 383 p.},
    ISBN = {978-90-8753-060-0},
    year = {2010},
    type = {Book}
}

@book{ISACAWebSite2022,
    author={ISACA},
    Title = {Web site},
    url={https://www.isaca.org},
    year={2022},
    publisher={ISACA - Information Systems Audit and Control Association}
}



@article{Candela-Uribe2022,
	author = {Candela-Uribe, Christian A. and others },
	title = {SMS-Builder: An adaptive software tool for building systematic mapping studies},
	journal = {SoftwareX},
	volume = {17},
	pages = {100935},
	ISSN = {2352-7110},
	DOI = {https://doi.org/10.1016/j.softx.2021.100935},
	url = {https://www.sciencedirect.com/science/article/pii/S2352711021001710},
	year = {2022},
	type = {Journal Article}
}


@book{COBIT2019IntroductionAndMethodology,
    title={Spanish: COBIT 2019 Framework Introduction and Methodology},
    author={ISACA},
    isbn={9781604207897},
    url={https://books.google.com.co/books?id=aHP6wAEACAAJ},
    year={2018},
    publisher={Information Systems Audit and Control Association}
}

@book{COBIT2019Framework,
    title={COBIT 2019 Framework: Governance and Management Objectives},
    author={ISACA},
    isbn={9781604207286},
    url={https://books.google.com.co/books?id=n011uQEACAAJ},
    year={2018},
    publisher={Information Systems Audit and Control Association}
}


@book{COBIT2019DesignGuide,
    title={COBIT 2019 Design Guide: Designing an Information and Technology Governance Solution},
    author={ISACA},
    isbn={9781604207613},
    url={https://books.google.com.co/books?id=CnStuQEACAAJ},
    year={2018},
    publisher={Information Systems Audit and Control Association}
}


@inproceedings{AbdElRahem2016,
	author = {AbdElRahem, O. and Bahaa-Eldin, A. M. and Taha, A.},
	title = {Virtualization security: A survey},
	booktitle = {2016 11th International Conference on Computer Engineering \& Systems (ICCES)},
	pages = {32-40},
	DOI = {10.1109/ICCES.2016.7821971},
	type = {Conference Proceedings},
	year = {2016}
}

@article{Adams,
	author = {Adams, Keith and Agesen, Ole},
	title = {A comparison of software and hardware techniques for x86 virtualization},
	journal = {SIGARCH Comput. Archit. News. ACM},
	volume = {34},
	number = {5},
	pages = {2-13},
	ISSN = {0163-5964},
	DOI = {10.1145/1168919.1168860},
	year = {2006},
	type = {Journal Article}
}

@book{Addy2007,
    author = {Addy, Rob},
    title = {Effective IT Service Management: To ITIL and Beyond!},
    publisher = {Springer-Verlag},
    ISBN = {3540731970},
    year = {2007},
    type = {Book}
}

@article{Agrawal2013,
	author = {Agrawal, Shweta},
	title = {Hardware Virtualization towards a Proficient Computing Environment},
	journal = {International Journal of Innovation and Applied Studies},
	volume = {3},
	pages = {528-534},
	year = {2013},
	type = {Journal Article}
}

@article{Ameen2013,
	author = {Ameen, Radhwan Y and Hamo, Asmaa Y},
	title = {Survey of server virtualization},
	journal = {arXiv preprint arXiv:1304.3557},
	year = {2013},
	type = {Journal Article}
}

@book{Arias2012,
	author = {Arias, Fidias G},
	title = {El proyecto de investigación. Introducción a la metodología científica. 6ta},
	publisher = {Fidias G. Arias Odón},
	ISBN = {9800785299},
	year = {2012},
	type = {Book}
}

@inproceedings{Barbosa2011,
	author = {Barbosa, Olavo and Alves, Carina},
	title = {A systematic mapping study on software ecosystems},
	publisher = {Citeseer},
	year = 2011,
	type = {Conference Proceedings}
}

@article{Barker2019,
	author = {Barker, Michelle and Olabarriaga, Silvia Delgado and Wilkins-Diehr, Nancy and Gesing, Sandra and Katz, Daniel S and Shahand, Shayan and Henwood, Scott and Glatard, Tristan and Jeffery, Keith and Corrie, Brian},
	title = {The global impact of science gateways, virtual research environments and virtual laboratories},
	journal = {Future Generation Computer Systems},
	volume = {95},
	pages = {240-248},
	ISSN = {0167-739X},
	DOI = {10.1016/j.future.2018.12.026},
	year = {2019},
	type = {Journal Article}
}

@book{Budgen2008,
    author = {Budgen, David and others },
    title = {Using Mapping Studies in Software Engineering},
    volume = {2},
    url = {https://www.scrumguides.org/docs/scrumguide/v2017/2017-Scrum-Guide-US.pdf#zoom=100},
    year = {2008},
    type = {Book}
}

@article{Bautista2019,
	author = {Bautista, María del Rocío Amador},
	title = {Políticas de expansión de redes tecnológicas de educación superior e investigación científica en América Latina y el Caribe (1990-2015)},
	year = {2019},
	type = {Journal Article}
}



@article{Castro2009,
	author = {Castro, Harold and others },
	title = {EELA: una infraestructura para e-ciencia en Latinoamérica},
	journal = {Revista de Ingeniería},
	pages = {26-32},
	ISSN = {0121-4993},
	url = {http://www.scielo.org.co/scielo.php?script=sci_arttext&pid=S0121-49932009000100004&nrm=iso},
	year = {2009},
	type = {Journal Article}
}



@inbook{Cafaro2011,
	author = {Cafaro, Massimo and Aloisio, Giovanni},
	title = {Grids, clouds, and virtualization},
	booktitle = {Grids, Clouds and Virtualization},
	publisher = {Springer},
	pages = {1-21},
	year = {2011},
	type = {Book Section}
}

@misc{CINTEL2010,
	author = {CINTEL},
	title = {Marco para la Interoperabilidad del Gobierno en línea},
	url = {https://www.mintic.gov.co/arquitecturati/630/articles-9375_marco_interoperabilidad_pdf.pdf},
	year = 2010,
	urldate={2010-01-10},
	note = {Accessed Jun 6, 2021},
	type = {Government Document}
}

@misc{CitrixSitioWeb,
	author={{citrix.com,}},
	title = {Web site},
	url = {https://www.citrix.com/},
	year = {2020 (accessed Ene 6, 2020)},
	type = {Web Page}
}

@article{Chiueh2005,
   author = {Chiueh, Susanta Nanda Tzi-cker},
   title = {A survey on virtualization technologies},
   journal = {RPE Report},
   pages = {1-42},
   year = {2005},
   type = {Journal Article}
}

@inproceedings{Diaz2016,
	author = {Díaz, C. O. and others },
	title = {Federated Campus Cloud Colombian Initiative},
	booktitle = {2016 16th IEEE/ACM International Symposium on Cluster, Cloud and Grid Computing (CCGrid)},
	year = 2016,
	pages = {712-717},
	DOI = {10.1109/CCGrid.2016.48},
	type = {Conference Proceedings}
}

@book{Dike2006,
	author = {Dike, Jeff},
	title = {User mode linux},
	publisher = {Prentice Hall Englewood Cliffs},
	volume = {2},
	year = {2006},
	type = {Book}
}

@misc{Docker2018,
	author={{Docker Inc,}},
	title = {Web site},
	url = {https://docs.docker.com/engine/docker-overview/#docker-registries/},
	year = {2018 (accessed Dic 27, 2018)},
	type = {Web Page}
}

@misc{Docker2018network,
	author={{Docker Inc,}},
	title = {Web site},
	url = {https://docs.docker.com/engine/tutorials/networkingcontainers/},
	year = {2018 (accessed Ene 5, 2019)},
	type = {Web Page}
}

@misc{Docker2018storage,
	author={{Docker Inc,}},
	title = {Web site},
	url = {https://docs.docker.com/storage/},
	year = {2018 (accessed Ene 5, 2019)},
	type = {Web Page}
}

@misc{Docker2018config,
	author={{Docker Inc,}},
	title = {Web site},
	url = {https://docs.docker.com/config/containers/start-containers-automatically/},
	year = {2018 (accessed Ene 6, 2019)},
	type = {Web Page}
}

@misc{Docker2018commandline,
	author={{Docker Inc,}},
	title = {Web site},
	url = {https://docs.docker.com/engine/reference/commandline/docker/},
	year = {2018 (accessed Ene 6, 2019)},
	type = {Web Page}
}

@article{Douglis2013,
	author = {Douglis, F. and Krieger, O.},
	title = {Virtualization},
	journal = {IEEE Internet Computing},
	volume = {17},
	number = {2},
	pages = {6-9},
	ISSN = {1089-7801},
	DOI = {10.1109/MIC.2013.42},
	year = {2013},
	type = {Journal Article}
}

@misc{Clarivate2020,
	author = {Clarivate},
	volume = {2020},
	number = {2020-03-02},
	pages = {EndNote Webside},
	url = {https://endnote.com},
	year = {2020},
	type = {Web Page}
}




@phdthesis{Goldberg1973,
	author = {Goldberg, Robert P},
	title = {Architectural Principles for Virtual Computer Systems},
	school = {Harvard University},
	year = {1973},
	type = {Thesis}
}

@article{Goldberg1974,
	author = {Goldberg, Robert P},
	title = {Survey of virtual machine research},
	journal = {Computer},
	number = {6},
	pages = {34-45},
	ISSN = {0018-9162},
	year = {1974},
	type = {Journal Article}
}

@book{Goldworm2007,
   author = {Goldworm, Barb and Skamarock, Anne},
   title = {Blade servers and virtualization: transforming enterprise computing while cutting costs},
   publisher = {John Wiley \& Sons},
   ISBN = {0470139552},
   year = {2007},
   type = {Book}
}

@inproceedings{Grimshaw2016,
    author = {Grimshaw, Andrew and others },
    title = {Campus Compute Co-operative (CCC): A service oriented cloud federation},
    booktitle = {2016 IEEE 12th International Conference on e-Science (e-Science)},
    publisher = {IEEE},
    pages = {1-10},
    year = {2016},
    ISBN = {1509042733},
    type = {Conference Proceedings}
}



@article{Gugnani2016,
    author = {Gugnani, Shashank and others },
    title = {Extending Science Gateway Frameworks to Support Big Data Applications in the Cloud},
    journal = {Journal of Grid Computing},
    volume = {14},
    number = {4},
    pages = {589-601},
    ISSN = {1570-7873
    1572-9184},
    DOI = {10.1007/s10723-016-9369-8},
    url = {https://link.springer.com/content/pdf/10.1007/s10723-016-9369-8.pdf},
    year = {2016},
    type = {Journal Article}
}

@article{Hajnal2016,
    author = {Hajnal, Ákos and others },
    title = {Enabling Workflow-Oriented Science Gateways to Access Multi-Cloud Systems},
    journal = {Journal of Grid Computing},
    volume = {14},
    number = {4},
    pages = {619-640},
    ISSN = {1570-7873
    1572-9184},
    DOI = {10.1007/s10723-016-9388-5},
    url = {https://link.springer.com/article/10.1007%2Fs10723-016-9388-5},
    year = {2016},
    type = {Journal Article}
}

@article{Harrast2009,
    author = {Harrast, Steven and Weirich, Thomas R.},
    title = {New IT risk framework},
    journal = {Journal of Corporate Accounting \& Finance (Wiley)},
    volume = {20},
    number = {5},
    pages = {49-54},
    ISSN = {10448136},
    DOI = {10.1002/jcaf.20513},
    url = {},
    year = {2009},
    type = {Journal Article}
}



@book{Hernandez-Sampieri2014,
	author = {Hernández-Sampieri, Roberto and Torres, Christian Paulina Mendoza},
	title = {Metodología de la investigación},
	publisher = {McGraw-Hill Interamericana México DF},
	volume = {4},
	year = {2014},
	type = {Book}
}


@article{Herrera2009,
	author = {Herrera, Raykenler Yzquierdo and Brito, Henry Raúl González},
	title = {Interoperabilidad entre los sistemas informáticos},
	journal = {VI Encuentro Internacional de Contabilidad, Auditoría y Finanzas, At La Habana, Cuba},
	year = {2009},
	type = {Journal Article}
}

@book{Hoopes2009,
	author = {Hoopes, John},
	title = {Virtualization for security: including sandboxing, dºster recovery, high availability, forensic analysis, and honeypotting},
	publisher = {Syngress},
	ISBN = {0080879357},
	year = {2009},
	type = {Book}
}

@article{Hui2014,
   author = {
   Hui, Lee Yong and
   Seok, Kim Hwan},
   title = {A Study of Savings of Power Consumption and Server Space through Integrated Virtualization of UNIX Servers},
   journal = {International Journal of Software Engineering and Its Applications},
   volume = {8},
   number = {5},
   pages = {219-230},
   ISSN = {1738-9984},
   DOI = {http://dx.doi.org/10.14257/ijseia.2014.8.5.17},
   year = {2014},
   type = {Journal Article}
}

@misc{HyperVAvan2018,
	author={{Microsoft,}},
	title = {Web site},
	url = {https://docs.microsoft.com/es-es/virtualization/hyper-v-on-windows/about/},
	year = {2018 (accessed Ene 6, 2019)},
	type = {Web Page}
}

@misc{HyperVCrea2018,
	author={{Microsoft,}},
	title = {Web site},
	url = {https://docs.microsoft.com/en-us/virtualization/hyper-v-on-windows/quick-start/create-virtual-machine},
	year = {2018 (accessed Ene 6, 2019)},
	type = {Web Page}
}

@misc{HyperVCmd2018,
	author={{Microsoft,}},
	title = {Web site},
	url = {https://docs.microsoft.com/es-es/previous-versions/office/developer/sharepoint-2010/ee534955(v3Doffice.14)},
	year = {2018 (accessed Ene 6, 2019)},
	type = {Web Page}
}

@misc{HyperVDISM2018,
	author={{Microsoft,}},
	title = {Web site},
	url = {https://msdn.microsoft.com/es-es/library/windows/hardware/dn938351(v=vs.85).aspx},
	year = {2018 (accessed Ene 6, 2019)},
	type = {Web Page}
}

@misc{HyperVIns2018,
	author={{Microsoft,}},
	title = {Web site},
	url = {https://docs.microsoft.com/en-us/virtualization/hyper-v-on-windows/quick-start/enable-hyper-v},
	year = {2018 (accessed Ene 6, 2019)},
	type = {Web Page}
}

@misc{HyperVMana,
	author={{Microsoft,}},
	title = {Web site},
	url = {https://docs.microsoft.com/en-us/windows-server/virtualization/hyper-v/manage/manage-windows-virtual-machines-with-powershell-direct},
	year = {2018 (accessed Ene 6, 2019)},
	type = {Web Page}
}

@misc{HyperVOver,
	author={{Microsoft,}},
	title = {Web site},
	url = {https://docs.microsoft.com/en-us/windows-server/virtualization/hyper-v/hyper-v-technology-overview?fbclid=IwAR295_DRQ2RApHwTEezOqf0geEUB-NPcC7zyKQcrNZUD-CaQ3-LpHi7dOm8},
	year = {2018 (accessed Ene 6, 2019)},
	type = {Web Page}
}

@misc{HyperVPower,
	author={{Microsoft,}},
	title = {Web site},
	url = {https://docs.microsoft.com/en-us/powershell/module/hyper-v/index?view=win10-ps},
	year = {2018 (accessed Ene 6, 2019)},
	type = {Web Page}
}

@misc{HyperVSnapCrea,
	author={{Microsoft,}},
	title = {Web site},
	url = {https://docs.microsoft.com/en-us/powershell/module/hyper-v/checkpoint-vm?view=win10-ps},
	year = {2018 (accessed Ene 6, 2019)},
	type = {Web Page}
}

@misc{HyperVSnapRemo,
	author={{Microsoft,}},
	title = {Web site},
	url = {https://docs.microsoft.com/en-us/powershell/module/hyper-v/remove-vmsnapshot?view=win10-ps},
	year = {2018 (accessed Ene 6, 2019)},
	type = {Web Page}
}

@misc{HyperVSnapList,
	author={{Microsoft,}},
	title = {Web site},
	url = {https://docs.microsoft.com/en-us/powershell/module/hyper-v/get-vmsnapshot?view=win10-ps},
	year = {2018 (accessed Ene 6, 2019)},
	type = {Web Page}
}

@misc{HyperVSnapRest,
	author={{Microsoft,}},
	title = {Web site},
	url = {https://docs.microsoft.com/en-us/powershell/module/hyper-v/restore-vmsnapshot?view=win10-ps},
	year = {2018 (accessed Ene 6, 2019)},
	type = {Web Page}
}

@misc{HyperVSysR,
	author={{Microsoft,}},
	title = {Web site},
	url = {https://docs.microsoft.com/en-us/windows-server/virtualization/hyper-v/system-requirements-for-hyper-v-on-windows},
	year = {2018 (accessed Ene 6, 2019)},
	type = {Web Page}
}

@misc{HyperVVConect,
	author={{Microsoft,}},
	title = {Web site},
	url = {https://docs.microsoft.com/en-us/windows-server/virtualization/hyper-v/learn-more/hyper-v-virtual-machine-connect},
	year = {2018 (accessed Ene 6, 2019)},
	type = {Web Page}
}

@misc{HyperVVirapp,
	author={{Microsoft,}},
	title = {Web site},
	url = {https://support.microsoft.com/en-us/help/3204980/virtualization-applications-do-not-work-together-with-hyper-v-device-g},
	year = {2018 (accessed Ene 6, 2019)},
	type = {Web Page}
}




@misc{ISO38500_2015,
    author={ISO},
    title={Information technology — Governance of IT for the organization},
    url = {https://www.iso.org/standard/62816.html},
    year = {2015},
    type = {Web Page}
}





@phdthesis{Kampert2010,
   author = {Kampert, Paulus},
   title = {A taxonomy of virtualization technologies},
   type = {Master},
   year = {2010},
   type = {Thesis}
}

@article{Kacsuk2016,
	author = {Kacsuk, Peter and others },
	title = {Infrastructure Aware Scientific Workflows and Infrastructure Aware Workflow Managers in Science Gateways},
	journal = {Journal of Grid Computing},
	volume = {14},
	number = {4},
	pages = {641-654},
	ISSN = {1570-7873
	1572-9184},
	DOI = {10.1007/s10723-016-9380-0},
	url = {https://link.springer.com/article/10.1007%2Fs10723-016-9380-0},
	year = {2016},
	type = {Journal Article}
}


@article{Kitchenham2009,
	author = {
	Kitchenham, Barbara and
	Brereton, O Pearl and
	Budgen, David and
	Turner, Mark and
	Bailey, John and
	Linkman, Stephen},
	title = {Systematic literature reviews in software engineering–a systematic literature review},
	journal = {Information and software technology},
	volume = {51},
	number = {1},
	pages = {7-15},
	ISSN = {0950-5849},
	year = {2009},
	type = {Journal Article}
}

@article{Kitchenham2010,
    author = {Kitchenham, Barbara and others },
    title = {Systematic literature reviews in software engineering–a tertiary study},
    journal = {Information and software technology},
    volume = {52},
    number = {8},
    pages = {792-805},
    ISSN = {0950-5849},
    year = {2010},
    type = {Journal Article}
}

@article{Klement2017,
   author = {Klement, Milan},
   title = {Models of integration of virtualization in education: Virtualization technology and possibilities of its use in education},
   journal = {Computers `|\&' Education},
   volume = {105},
   pages = {31-43},
   ISSN = {0360-1315},
   DOI = {10.1016/j.compedu.2016.11.006},
   url = {http://uniquindio.elogim.com:2048/login?url=http://search.ebscohost.com/login.aspx?direct=true&db=edselp&AN=S0360131516302184&lang=es&site=eds-live&scope=site
http://www.sciencedirect.com/science/article/pii/S0360131516302184},
   year = {2017},
   type = {Journal Article}
}

@inproceedings{Kon2017,
	author = {Kon, J. and Mizusawa, N. and Umezawa, A. and Yamaguchi, S. and Tao, J.},
	title = {Highly consolidated servers with container-based virtualization},
	booktitle = {2017 IEEE International Conference on Big Data (Big Data)},
	pages = {2472-2479},
	DOI = {10.1109/BigData.2017.8258205},
	year = {2017},
	type = {Conference Proceedings}
}

@book{Kusnetzky2011,
	title={Virtualization: A manager's guide},
	author={Kusnetzky, Dan},
	year={2011},
	publisher={O'Reilly Media, Inc.}
}

@misc{LeidenUniversity2017,
	author = {{Leiden University},},
	volume = {2017},
	pages = {VOSviewer is a software tool for constructing and visualizing bibliometric networks. These networks may for instance include journals, researchers, or individual publications, and they can be constructed based on citation, bibliographic coupling, co-citation, or co-authorship relations. VOSviewer also offers text mining functionality that can be used to construct and visualize co-occurrence networks of important terms extracted from a body of scientific literature.},
	url = {https://www.vosviewer.com},
	year = {2022},
	type = {Web Page}
}

@misc{LeSphinx2022,
    author = {LeSphinx},
    volume = {2020},
    number = {2020-03-02},
    pages = {Le Sphinx Webside},
    url = {https://lesphinx.es},
    year = {2022},
    type = {Web Page}
}


@misc{LinuxContainers,
	author={{Canonical Ltd,}},
	title = {Web site},
	url = {https://linuxcontainers.org/},
	year = {2018 (accessed Ene 09, 2019)},
	type = {Web Page}
}


@misc{LinuxContainersAta,
	author={{Canonical Ltd,}},
	title = {Web site},
	url = {https://linuxcontainers.org/lxc/manpages//man1/lxc-attach.1.html},
	year = {2018 (accessed Ene 09, 2019)},
	type = {Web Page}
}

@misc{LinuxContainersCrea,
	author={{Canonical Ltd,}},
	title = {Web site},
	url = {https://linuxcontainers.org/lxc/manpages//man1/lxc-create.1.html},
	year = {2018 (accessed Ene 08, 2019)},
	type = {Web Page}
}

@misc{LinuxContainersDebian,
	author={{Debian,}},
	title = {Web site},
	url = {https://wiki.debian.org/LXC#References},
	year = {2018 (accessed Ene 08, 2019)},
	type = {Web Page}
}

@misc{LinuxContainersExe,
	author={{Canonical Ltd,}},
	title = {Web site},
	url = {https://linuxcontainers.org/lxc/manpages//man1/lxc-ls.1.html},
	year = {2018 (accessed Ene 12, 2019)},
	type = {Web Page}
}

@misc{LinuxContainersGstart,
	author={{Canonical Ltd,}},
	title = {Web site},
	url = {https://linuxcontainers.org/lxc/getting-started/},
	year = {2018 (accessed Ene 08, 2019)},
	type = {Web Page}
}

@misc{LinuxContainersInfo,
	author={{Canonical Ltd,}},
	title = {Web site},
	url = {https://linuxcontainers.org/lxc/manpages//man1/lxc-ls.1.html},
	year = {2018 (accessed Ene 10, 2019)},
	type = {Web Page}
}

@misc{LinuxContainersIntro,
	author={{Canonical Ltd,}},
	title = {Web site},
	url = {https://linuxcontainers.org/lxc/introduction/},
	year = {2018 (accessed Ene 09, 2019)},
	type = {Web Page}
}

@misc{LinuxContainersLs,
	author={{Canonical Ltd,}},
	title = {Web site},
	url = {https://linuxcontainers.org/lxc/manpages//man1/lxc-ls.1.html},
	year = {2018 (accessed Ene 10, 2019)},
	type = {Web Page}
}

@misc{LinuxContainersSnap,
	author={{Canonical Ltd,}},
	title = {Web site},
	url = {https://linuxcontainers.org/lxc/manpages//man1/lxc-snapshot.1.html},
	year = {2018 (accessed Ene 10, 2019)},
	type = {Web Page}
}

@article{Mell2011,
    author = {Mell, Peter and Grance, Tim},
    title = {The NIST definition of cloud computing},
    year = {2011},
    type = {Journal Article}
}

@article{Moudoubah2021,
    author = {Moudoubah, Lamia and others },
    title = {From IT service management to IT service governance: An ontological approach for integrated use of ITIL and COBIT frameworks},
    journal = {International Journal of Electrical and Computer Engineering},
    volume = {11},
    number = {6},
    pages = {5292},
    ISSN = {2088-8708},
    year = {2021},
    type = {Journal Article}
}




@article{Oludele2014,
	author = {Oludele, Awodele and Ogu, Emmanuel C and Kuyoro‘Shade, Umezuruike Chinecherem },
	title = {On the evolution of virtualization and Cloud Computing: A review},
	journal = {ApplicationsJournal of Computer Sciences},
	volume = {2},
	number = {3},
	pages = {40-43},
	year = {2014},
	type = {Journal Article}
}

@book{OER,
	author = {Butcher, Neil},
	title = {A basic guide to open educational resources},
	volume = {15},
	series = {Vancouver: Commonwealth of Learning. Retrieved February},
	pages = {2014},
	year = {2011,2015},
	type = {Book}
}

@article{Pessolani2012,
   author = {Pessolani, Pablo Andrés and Gonnet, Silvio M. and Tinetti, Fernando Gustavo and Cortes, Toni},
   title = {Sistema de virtualización con recursos distribuidos},
   journal = {XIV Workshop de Investigadores en Ciencias de la Computación},
   ISSN = {9507660828},
   year = {2012},
   type = {Journal Article}
}

@article{Pek2013,
	author = {Pék, Gábor and Buttyán, Levente and Bencsáth, Boldizsár},
	title = {A survey of security issues in hardware virtualization},
	journal = {ACM Computing Surveys (CSUR)},
	volume = {45},
	number = {3},
	pages = {40},
	ISSN = {0360-0300},
	DOI = {10.1145/2480741.2480757},
	year = {2013},
	type = {Journal Article}
}

@article{Rico-Bautista2020,
    author = {Rico-Bautista, Dewar and others },
    title = {Caracterización de la situación actual de las tecnologías inteligentes para una Universidad inteligente en Colombia/Latinoamérica},
    ISSN = {1646-9895},
    year = {2020},
    type = {Journal Article}
}



@article{Popek1974,
   author = {Popek, Gerald J and Goldberg, Robert P},
   title = {Formal requirements for virtualizable third generation architectures},
   journal = {Communications of the ACM},
   volume = {17},
   number = {7},
   pages = {412-421},
   ISSN = {0001-0782},
   year = {1974},
   type = {Journal Article}
}

@inproceedings{Ranjith2017,
	author = {Ranjith, D. and Tamizharasi, G. S. and Balamurugan, B.},
	title = {A survey on current trends to future trends in green computing},
	booktitle = {2017 International conference of Electronics, Communication and Aerospace Technology (ICECA)},
	volume = {1},
	pages = {632-637},
	year = {2015},
	DOI = {10.1109/ICECA.2017.8203616},
	type = {Conference Proceedings}
}

@misc{RedClara2020,
	author = {RedClara},
	title = {RedClara, Misión, Visión y Valores},
	year = {2020},
	volume = {Volume},
	number = {Issue},
	pages = {Pages},
	publisher = {RedClara},
	url = {https://redclara.net/index.php/es/somos/redclara-la-organizacion/mision-vision-y-estatutos},
	year = {2020},
	type = {Web Page}
}

@misc{RENATA2020,
	author = {RENATA},
	title = {Instituciones afiliadas},
	journal = {Journal},
	volume = {Volume},
	number = {Issue},
	pages = {Pages},
	ISSN = {ISSN},
	url = {https://www.renata.edu.co/instituciones-afiliadas-a-renata/},
	year = {2020},
	type = {Web Page}
}





@article{Rios2015,
   author = {Rios, Edgar Rodriguez},
   title = {Las universidades y el acceso a los recursos educativos abiertos},
   journal = {HETS Online Journal},
   volume = {6},
   number = {1},
   year = {2015},
   type = {Journal Article}
}

@book{Silberschatz2014,
   author = {Silberschatz, Abraham and Galvin, Peter Baer and Gagne, Greg},
   title = {Operating system concepts essentials},
   publisher = {John Wiley \& Sons, Inc.},
   year = {2014},
   type = {Book}
}

@misc{SNIES2020,
	author = {SNIES},
	title = {Consulta de Instituciones},
	journal = {Journal},
	volume = {Volume},
	number = {Issue},
	pages = {Pages},
	ISSN = {ISSN},
	url = {https://hecaa.mineducacion.gov.co/consultaspublicas/ies},
	year = {2020},
	type = {Web Page}
}



@inproceedings{Sukmana2016,
	author = {Sukmana, H. T. and Ichsani, Y. and Putra, S. J.},
	title = {Implementation of Server Consolidation Method on a Data Center by using Virtualization Technique: A Case Study},
	booktitle = {2016 International Conference on Informatics and Computing (ICIC)},
	pages = {277-282},
	year = {2016},
	DOI = {10.1109/IAC.2016.7905729},
	type = {Conference Proceedings}
}


@article{Palacio2014,
	author = {Palacio, Olga Lucía Londoño and Granados, Luis Facundo Maldonado and Villafáñez, LC Calderón},
	title = {Guía para construir estados del arte},
	journal = {International Corporation of Networks of Knowledge},
	volume = {5},
	year = {2014},
	type = {Journal Article}
}


@book{Tracy2019,
    author = {Tracy, Sarah J},
    title = {Qualitative research methods: Collecting evidence, crafting analysis, communicating impact},
    publisher = {John Wiley \& Sons},
    ISBN = {1119390788},
    year = {2019},
    type = {Book}
}

@article{Thathera2015,
	author = {Thathera, Honey and Shashi, H. and Rajput, Dharmendra Singh},
	title = {Green Computing: An Earth Friendly System},
	ISSN = {2319-7094},
	year = {2015},
	type = {Journal Article}
}

@misc{UQACA075,
	author={{Universidad del Quindío}},
	title = {Acuerdo 075 del Consejo Académico},
	volume = {2017},
	number = {2017-06-01},
	url = {http://ecm.uniquindio.edu.co/resultado.php?oid=5781c4e0-222a-4e63-80a6-e05558c4a092},
    year = {2017 (accessed Jul 12, 2017)},
	type = {Web Page}
}

@article{UQ1996,
    author={{Universidad del Quindío}},
	title = {Acuerdo 010 del Consejo Superior},
	url = {http://www.uniquindio.edu.co/asuntos_docentes/descargar.php?idFile=10749},
	year = {1996},
	type = {Journal Article}
}

@article{UQPlanDesarrolloPro2016,
   author = {{Universidad del Quindío}},
   title = {Plan de Desarrollo Profesoral 2016-2020 de la Facultad de Ingeniería},
   url = {http://www.uniquindio.edu.co/ingenieria/#},
   year = {2016},
   type = {Journal Article}
}

@article{UQProyectoEducativoFacultad,
   author = {{Facultad de Ingenier\'ia}},
   title = {Proyecto Educativo de la Facultad de Ingenier\'ia para el periodo 2016-2025.},
   volume = {2017},
   year = {2016},
   type = {Journal Article}
}

@mastersthesis{Solis2014,
	author = {Solís, José Vicente Ros},
	title = {Análisis de un plan de continuidad de servicios clave mediante infraestructuras virtualizadas privadas},
	year = {2014},
	school = {Universidad Politécnica de Valencia},
	type = {masterthesis}
}

@book{Stallings2015,
	author = {Stallings, William},
	title = {Operating Systems: internals and design principles},
	publisher = {Pearson},
	edition = {9th},
	year = {2015},
	type = {Book}
}

@article{Stewart2019,
    author = {Stewart, Craig A. and others },
    title = {Cyberinfrastructure, Cloud Computing, Science Gateways, Visualization, and Cyberinfrastructure Ease of Use},
    journal = {Advanced Methodologies and Technologies in Network Architecture, Mobile Computing, and Data Analytics},
    pages = {157-170},
    DOI = {10.4018/978-1-5225-7598-6},
    url = {https://www.mendeley.com/catalogue/cyberinfrastructure-cloud-computing-science-gateways-visualization-cyberinfrastructure-ease/},
    year = {2019},
    type = {Journal Article}
}


@inproceedings{Varian1997,
	author = {Varian, Melinda},
	year = {1997},
	title = {Vm and the vm community: Past, present, and future},
	booktitle = {SHARE},
	volume = {89},
	pages = {9059-9061},
	type = {Conference Proceedings}
}

@article{Varasteh2017,
	author = {Varasteh, Amir and Goudarzi, Maziar},
	title = {Server consolidation techniques in virtualized data centers: A survey},
	journal = {IEEE Systems Journal},
	volume = {11},
	number = {2},
	pages = {772-783},
	ISSN = {1932-8184},
	year = {2017},
	type = {Journal Article}
}

@article{VMware2008,
   author = {VMware},
   title = {Understanding Full Virtualization, Paravirtualization, and Hardware Assist},
   url = {https://www.vmware.com/techpapers/2007/understanding-full-virtualization-paravirtualizat-1008.html},
   year = {2008},
   type = {Journal Article}
}

@misc{VMwareWebSite2019,
	author={{VMware,}},
	title = {Web site},
	url = {https://www.vmware.com/products/esxi-and-esx.html},
	year = {2019 (accessed Nov 12, 2019)},
	type = {Web Page}
}

@inproceedings{barham2003xen,
  title={Xen and the art of virtualization},
  author={Barham, Paul and Dragovic, Boris and Fraser, Keir and Hand, Steven and Harris, Tim and Ho, Alex and Neugebauer, Rolf and Pratt, Ian and Warfield, Andrew},
  booktitle={ACM SIGOPS operating systems review},
  volume={37},
  number={5},
  pages={164--177},
  year={2003},
  organization={ACM}
}

@misc{XenArquitectura,
	author={{Xen Project,}},
	title = {Web site},
	url = {https://wiki.xenproject.org/wiki/Xen_Project_Software_Overview#I.2FO_Virtualization_in_Xen},
	year = {2018 (accessed Feb 19, 2019)},
	type = {Web Page}
}


@book{CEPAL2007,
    author = {CEPAL},
    title = {Libro blanco de interoperabilidad de gobierno electrónico para America Latina y el Caribe},
    year = {2007},
    type = {Book}
}

@article{SPS168,
    author = {Coro, Gianpaolo and others },
    title = {Reconstructing 3D virtual environments within a collaborative e‐infrastructure},
    journal = {Concurrency and Computation: Practice and Experience},
    volume = {31},
    number = {11},
    pages = {e5028},
    ISSN = {1532-0626},
    year = {2019},
    type = {Journal Article}
}

@article{Ferro2016,
    author = {Ferro Escobar, Roberto and others },
    title = {Desarrollo E Implementación De Servicios Académicos, Multimedia y de Conectividad Sobre La Infraestructura De Redes Académicas Para Apoyo a la Investigación En La Universidad Distrital Francisco José De Caldas},
    year = {2016},
    type = {Journal Article}
}

@article{Garcia-Holgado2018,
    author = {García-Holgado, A},
    title = {Presentación de la Tesis Doctoral:“Análisis de integración de soluciones basadas en software como servicio para la implantación de Ecosistemas Tecnológicos Educativos”},
    year = {2018},
    type = {Journal Article}
}

@article{Garcia-Penalvo2018,
    author = {García-Peñalvo, Francisco José},
    title = {Ecosistemas tecnológicos universitarios},
    journal = {UNIVERSITIC 2017. Análsisi de las TIC en las Universidades Españolas},
    pages = {164-170},
    ISSN = {846979759X},
    year = {2018},
    type = {Journal Article}
}

@article{Gesing2019,
    author = {Gesing, Sandra and others },
    title = {Science gateways: Sustainability via on-campus teams},
    journal = {Future Generation Computer Systems},
    DOI = {10.1016/j.future.2018.09.067},
    year = {2019},
    type = {Journal Article}
}

@inproceedings{Gesing2017,
    author = {Gesing, Sandra and others },
    title = {Science gateways: the long road to the birth of an institute},
    booktitle = {Proceedings of the 50th Hawaii International Conference on System Sciences},
    ISBN = {0998133108},
    year = 2017,
    type = {Conference Proceedings}
}

@article{Gonzalez-Palacio2017,
    author = {González Palacio, Liliana and González Palacio, Mauricio},
    title = {Gestión estratégica de la Comunidad Colombiana de Cómputo Avanzado 3CoA® mediante análisis DOFA y cocreación},
    journal = {Ingeniare. Revista chilena de ingeniería},
    volume = {25},
    number = {3},
    pages = {464-476},
    ISSN = {0718-3305},
    year = {2017},
    type = {Journal Article}
}

@article{SPS050,
    author = {Gugnani, Shashank and others },
    title = {Extending Science Gateway Frameworks to Support Big Data Applications in the Cloud},
    journal = {Journal of Grid Computing},
    volume = {14},
    number = {4},
    pages = {589-601},
    ISSN = {1570-7873
    1572-9184},
    DOI = {10.1007/s10723-016-9369-8},
    url = {https://link.springer.com/content/pdf/10.1007/s10723-016-9369-8.pdf},
    year = {2016},
    type = {Journal Article}
}

@article{SPS043,
    author = {Hajnal, Ákos and others },
    title = {Enabling Workflow-Oriented Science Gateways to Access Multi-Cloud Systems},
    journal = {Journal of Grid Computing},
    volume = {14},
    number = {4},
    pages = {619-640},
    ISSN = {1570-7873
    1572-9184},
    DOI = {10.1007/s10723-016-9388-5},
    url = {https://link.springer.com/article/10.1007%2Fs10723-016-9388-5},
    year = {2016},
    type = {Journal Article}
}

@book{Lara2007,
    author = {Lara Navarra, Pablo and Martínez Usero, José Ángel},
    title = {La interoperabilidad de la información},
    ISBN = {978-84-9788-672-7},
    year = {2007},
    type = {Book}
}


@article{Moreno-Escobar2007,
	author = {Moreno-Escobar, Hernán and others },
	title = {Conceptualización de arquitectura de gobierno electrónico y plataforma de interoperabilidad para América Latina y el Caribe},
	year = {2007},
	type = {Journal Article}
}



@misc{RAE_Servicio_2022,
    author = {RAE},
    volume = {2022},
    number = {19–052-2022},
    pages = {Consulta sobre el término Servicio},
    url = {https://dle.rae.es/servicio},
    year = {2022},
    type = {Web Page}
}


@misc{RAE_Modelo2020,
    author = {RAE, },
    volume = {2020},
    number = {25/10/2020},
    pages = {Consulta sobre el término modelo},
    month = {2020},
    url = {https://dle.rae.es/modelo},
    year = {2020},
    type = {Web Page}
}



@article{Sepulveda-Rodriguez2021,
    author = {Sepúlveda-Rodríguez, Luis E. and others },
    title = {Study-based Systematic Mapping Analysis of Cloud Technologies for Leveraging IT Resource and Service Management: The Case Study of the Science Gateway Approach},
    journal = {Journal of Grid Computing},
    volume = {19},
    number = {4},
    pages = {28},
    ISSN = {1572-9184},
    DOI = {10.1007/s10723-021-09587-7},
    url = {https://doi.org/10.1007/s10723-021-09587-7},
    year = {2021},
    type = {Journal Article}
}

@inproceedings{Sharifi2018,
    author = {Sharifi, Mohammad and others },
    title = {Combining ITIL, COBIT and ISO/IEC 27002 in Order to Design a Comprehensive IT Framework in Organizations},
    year = {2018},
    type = {Conference Proceedings}
}




@article{Steuperaert2019,
	author = {Steuperaert, Dirk},
	title = {COBIT 2019: A SIGNIFICANT UPDATE},
	journal = {EDPACS},
	volume = {59},
	number = {1},
	pages = {14-18},
	ISSN = {0736-6981},
	DOI = {10.1080/07366981.2019.1578474},
	url = {https://doi.org/10.1080/07366981.2019.1578474},
	year = {2019},
	type = {Journal Article}
}


@article{Town2018,
    author = {Towns, John},
    title = {Toward an open, sustainable national advanced computing ecosystem},
    journal = {Computing in Science and Engineering},
    DOI = {10.1109/MCSE.2018.05329814},
    year = {2018},
    type = {Journal Article}
}

@article{Waseem2021,
	author = {Waseem, Muhammad and others },
	title = {Design, monitoring, and testing of microservices systems: The practitioners’ perspective},
	journal = {Journal of Systems and Software},
	volume = {182},
	pages = {111061},
	ISSN = {0164-1212},
	year = {2021},
	type = {Journal Article}
}



@article{Weigel2020,
	author = {Weigel, Tobias and others },
	title = {Making Data and Workflows Findable for Machines},
	journal = {Data Intelligence},
	volume = {2},
	number = {1-2},
	pages = {40-46},
	DOI = {10.1162/dint_a_00026},
	year = {2020},
	type = {Journal Article}
}


@article{Wilkins-Diehr2013,
    author = {Wilkins-Diehr, Nancy and others },
    title = {Science gateways and the importance of sustainability},
    journal = {figshare},
    DOI = {doi:10.6084/m9.figshare.790764},
    url = {https://www.mendeley.com/catalogue/science-gateways-importance-sustainability/
    https://s3-eu-west-1.amazonaws.com/pfigshare-u-files/1193744/111713Sustainabilityworkshoppositionpaper.pdf},
    year = {2013},
    type = {Journal Article}
}

@phdthesis{Yaver2016,
    author = {Yaver Quintero, Abdul},
    title = {Estudio de vigilancia y prospectiva tecnológica aplicado a redes nacionales de investigación y educación NRENs},
    university = {Universidad Nacional de Colombia-Sede Bogotá},
    year = {2016},
    type = {Thesis}
}
